@Book{For,
  author =	 {Forster, Otto},
  title =	 {Lectures on Riemann Surfaces},
  publisher =	 {Springer},
  year =	 {1999}
}

@Booklet{Kas,
  author =	 {Kasten, Hendrik},
  title =	 {Funktionentheorie 1},
  subtitle =	 {Sommersemester 2013},
}

@Book{Jos,
  author =	 {Jost, JÃ¼rgen},
  title =	 {Compact Riemann Surfaces},
  publisher =	 {Springer},
  year =	 {2006}
}

@Book{Frei,
  author =	 {Freitag, Eberhard},
  title =	 {Funktionentheorie 1},
  publisher =	 {Springer},
  year =	 {2006}
}

@Book{Rud,
  author =	 {Rudin, Walter},
  title =	 {Functional Analysis},
  publisher =	 {McGraw-Hill},
  year =	 1991
}